<?xml version="1.0" encoding="UTF-8"?><collection xmlns="http://www.loc.gov/MARC21/slim"><record><leader>00553nam--2200193-u-4500</leader><controlfield tag="001">000053580</controlfield><controlfield tag="002">20161230</controlfield><controlfield tag="005">20161230201051</controlfield><controlfield tag="008">110429s1000------------r-----000-0-rus-d</controlfield><datafield ind1=" " ind2=" " tag="040"><subfield code="a">IFIN-HH</subfield></datafield><datafield ind1=" " ind2=" " tag="041"><subfield code="a">rus</subfield></datafield><datafield ind1=" " ind2=" " tag="080"><subfield code="a">535.343.2</subfield></datafield><datafield ind1="1" ind2=" " tag="100"><subfield code="a">Perlin, Iu.E</subfield></datafield><datafield ind1="1" ind2="0" tag="245"><subfield code="a">Effekti elektronno-kolebatelnogo vzaimodeistvia v opticeskih spektrah primesnih paramagnitnih ionov</subfield><subfield code="c">Iu.e. perlin; b.s. tukerblat</subfield></datafield><datafield ind1=" " ind2=" " tag="260"><subfield code="a">Kisinev</subfield><subfield code="b">Stiinta</subfield><subfield code="c">1974</subfield></datafield><datafield ind1=" " ind2=" " tag="300"><subfield code="a">368P</subfield></datafield><datafield ind1="1" ind2=" " tag="700"><subfield code="a">Tukerblat, B.S</subfield></datafield><datafield ind1=" " ind2=" " tag="852"><subfield code="a">76892</subfield><subfield code="c">535.37</subfield></datafield><datafield ind1=" " ind2=" " tag="CAT"><subfield code="a">Sys</subfield><subfield code="c">20121024</subfield><subfield code="h">171419</subfield></datafield></record></collection>